[gd_scene load_steps=11 format=2]

[ext_resource path="res://Asetoj/Terpomo/TerpomAnimacioj.tres" type="SpriteFrames" id=1]
[ext_resource path="res://Asetoj/Terpomo/Terpomujxo.gd" type="Script" id=2]
[ext_resource path="res://Asetoj/Terpomo/Statoj/Marsxi.gd" type="Script" id=3]
[ext_resource path="res://Asetoj/Terpomo/Statoj/Kuri.gd" type="Script" id=4]
[ext_resource path="res://Asetoj/Terpomo/Statoj/Atendi.gd" type="Script" id=5]
[ext_resource path="res://Asetoj/Terpomo/Direktoj.gd" type="Script" id=6]
[ext_resource path="res://Asetoj/Terpomo/Statoj/Kurado.gd" type="Script" id=7]

[sub_resource type="CapsuleShape2D" id=1]
radius = 23.8056
height = 84.4336

[sub_resource type="Gradient" id=2]
colors = PoolColorArray( 0, 0, 0, 1, 0, 0, 0, 0 )

[sub_resource type="Gradient" id=3]
offsets = PoolRealArray( 0, 0.225166, 1 )
colors = PoolColorArray( 1, 1, 1, 0, 1, 1, 1, 1, 1, 1, 1, 0 )

[node name="Terpomujxo" type="KinematicBody2D"]
collision_mask = 1048575
script = ExtResource( 2 )

[node name="CollisionShape2D" type="CollisionShape2D" parent="."]
visible = false
position = Vector2( 0, -65.9239 )
shape = SubResource( 1 )

[node name="AnimatedSprite" type="AnimatedSprite" parent="."]
scale = Vector2( 0.261087, 0.261087 )
frames = ExtResource( 1 )
animation = "Promeno"
frame = 2
playing = true
offset = Vector2( 0, -295.48 )

[node name="Partikloj" type="Node2D" parent="."]

[node name="KurPartikloj" type="CPUParticles2D" parent="Partikloj"]
modulate = Color( 1, 1, 1, 0.309804 )
position = Vector2( -1.38989, 1.85318 )
rotation = 0.390333
amount = 12
lifetime = 0.3
explosiveness = 0.22
randomness = 1.0
direction = Vector2( -1, 0 )
spread = 20.0
gravity = Vector2( 0, 0 )
initial_velocity = 408.6
scale_amount = 11.75
scale_amount_random = 0.9
color_ramp = SubResource( 2 )

[node name="KurPartikloj2" type="CPUParticles2D" parent="Partikloj"]
position = Vector2( -39.4192, -68.2947 )
rotation = 0.0789942
amount = 12
lifetime = 0.5
explosiveness = 0.22
randomness = 1.0
emission_shape = 2
emission_rect_extents = Vector2( 23.04, 48.84 )
direction = Vector2( -1, 0 )
spread = 20.0
gravity = Vector2( 0, 0 )
initial_velocity = 408.6
scale_amount = 7.0
scale_amount_random = 0.9
color_ramp = SubResource( 3 )

[node name="Statoj" type="Node" parent="."]

[node name="Marsxi" type="Node" parent="Statoj"]
script = ExtResource( 3 )

[node name="Kuri" type="Node" parent="Statoj"]
script = ExtResource( 4 )

[node name="Atendi" type="Node" parent="Statoj"]
script = ExtResource( 5 )

[node name="Direktoj" type="Node" parent="Statoj"]
script = ExtResource( 6 )

[node name="Kurado" type="Node" parent="Statoj"]
script = ExtResource( 7 )
